@Article{best2018decmcts,
  Title                    = {\mbox{Dec-MCTS}: Decentralized planning for multi-robot active perception},
  Author                   = {Graeme Best and Oliver Cliff and Timothy Patten and Ramgopal R. Mettu and Robert Fitch},
  Journal                  = {Int. J. Robot. Res.},
  Year                     = {2018},
  Note                     = {{doi:10.1177/0278364918755924}}
}